<?xml version="1.0" encoding="UTF-8"?><record xmlns="http://www.loc.gov/MARC21/slim" xmlns:cinclude="http://apache.org/cocoon/include/1.0" xmlns:zs="http://www.loc.gov/zing/srw/">
  <leader>00560nz  a2200145n  4500</leader>
  <controlfield tag="001">no2012127020</controlfield>
  <controlfield tag="003">DLC</controlfield>
  <controlfield tag="005">20120925075031.0</controlfield>
  <controlfield tag="008">120923n| acannaabn          |n ana     c</controlfield>
  <datafield tag="010" ind1=" " ind2=" ">
    <subfield code="a">no2012127020</subfield>
  </datafield>
  <datafield tag="035" ind1=" " ind2=" ">
    <subfield code="a">(OCoLC)oca09309024</subfield>
  </datafield>
  <datafield tag="040" ind1=" " ind2=" ">
    <subfield code="a">NNMoMA</subfield>
    <subfield code="b">eng</subfield>
    <subfield code="c">NNMoMA</subfield>
  </datafield>
  <datafield tag="110" ind1="2" ind2=" ">
    <subfield code="a">Matin (Gallery)</subfield>
  </datafield>
  <datafield tag="670" ind1=" " ind2=" ">
    <subfield code="a">Stillness in the glorious wilderness, 2010:</subfield>
    <subfield code="b">colophon (Matin, Los Angeles)</subfield>
  </datafield>
  <datafield tag="670" ind1=" " ind2=" ">
    <subfield code="a">Matin website, Sept. 16, 2012</subfield>
    <subfield code="b">(Matin; established 2004 in Los Angeles, California; specializing in contemporary art and design: objects, jewelry and hand built furniture)</subfield>
  </datafield>
</record>